<?xml version="1.0" encoding="UTF-8"?><record xmlns="http://www.loc.gov/MARC21/slim" xmlns:cinclude="http://apache.org/cocoon/include/1.0" xmlns:zs="http://www.loc.gov/zing/srw/">
  <leader>00620cz  a2200157n  4500</leader>
  <controlfield tag="001">n  84238350 </controlfield>
  <controlfield tag="003">DLC</controlfield>
  <controlfield tag="005">20081127081253.0</controlfield>
  <controlfield tag="008">841004nc acannaabn          |a ana      </controlfield>
  <datafield tag="010" ind1=" " ind2=" ">
    <subfield code="a">n  84238350 </subfield>
  </datafield>
  <datafield tag="035" ind1=" " ind2=" ">
    <subfield code="a">(OCoLC)oca01203505</subfield>
  </datafield>
  <datafield tag="040" ind1=" " ind2=" ">
    <subfield code="a">DLC</subfield>
    <subfield code="b">eng</subfield>
    <subfield code="c">DLC</subfield>
    <subfield code="d">DLC</subfield>
    <subfield code="d">OCoLC</subfield>
  </datafield>
  <datafield tag="110" ind1="2" ind2=" ">
    <subfield code="a">Zhongguo di zhen li shi zi liao bian ji wei yuan hui</subfield>
  </datafield>
  <datafield tag="410" ind1="2" ind2=" ">
    <subfield code="w">nne</subfield>
    <subfield code="a">Chung-kuo ti chen li shih tzu liao pien chi wei yuĚan hui</subfield>
  </datafield>
  <datafield tag="410" ind1="2" ind2=" ">
    <subfield code="a">Zhong guo di zhen li shi zi liao bian ji wei yuan hui</subfield>
  </datafield>
  <datafield tag="670" ind1=" " ind2=" ">
    <subfield code="a">Chung-kuo ti chen li shih tzu liao hui pien, 1983- :</subfield>
    <subfield code="b">v. 1, colophon (Chung-kuo ti chen li shih tzu liao pien chi wei yuĚan hui)</subfield>
  </datafield>
</record>